@URL {someguy2993,
    author   = "Some guy",
    year     = "2993",
    month    = "may",
    crossref = "someguy2993"
}

BOOKS
@book{intelligentrobot,
  author 	= {Kun Ai and Zhiqiang Cao and Xilong Liu and Chao Zhou and Yuequan Yang},
  title 	= {Intelligent Robotics and Applications: 7th International Conference, ICIRA 2014, Guangzhou, China, December 17-20, 2014, Proceedings, Part II (Lecture Notes in Artificial Intelligence)},
  publisher 	= {Springer},
  year 		= {2014}
}

@book{operatingsystems,
  author 	= {Abraham Silberschatz and Peter B. Galvin and Greg Gagne},
  title 	= {Operating System Concepts, International Students Version},
  edition 	= {8th},
  publisher 	= {Wiley},
  year 		= {2010}
}

@book{communication,
  author	= {Behrouz A. Forouzan},
  title		= {Data Communication and Networking, Global Edition},
  edition	= {5th},
  publisher	= {McGraw-Hill},
  year		= {2013},
}

@book{OpenCV:learning,
  author	= {Gary Bradski and Adrian Kaehler},
  title		= {Learning OpenCV - Computer Vision with the OpenCV Library},
  edition	= {1st},
  publisher	= {O'Reilly},
  year		= {2008}
}


@book{OpenCV:practical,
  author	= {Samarth Brahmbatt},
  title		= {Practical OpenCV},
  publisher	= {Technology in Action},
}


@book{OpenCV:cookbook,
  author	= {Robert Laganière},
  title		= {OpenCV 2 Computer Vision Application Programming Cookbook},
  edition	= {1st},
  publisher	= {Packt Publishing},
  year		= {2011}
}

@book{robot:manipulator,
  author	= {Marco Ceccarelli},
  title		= {Robot Manipulators},
  edition	= {1st},
  publisher	= {InTech Publishing},
  year		= {2008}
}

MANUALS
@book{temic:k827p,
    author		= "Temic Semiconductors",
    title		= "K827P Datasheet - Multichannel Optocoupler with Phototransistor Output",
    year		= 1997,
    month		= 12,    
    note		= "Rev. A2, available at: \url{http://pccomponents.com/datasheets/VISH-K847P.pdf}"
}
̣

@book{UR:UR5,
    publisher		= "Universal Robots",
    title		= "UR5/CB3 User Manual",
    year		= 2014,    
    note		= "Version 3.0 Rev. 15965, available at: \url{http://www.universal-robots.com/media/8704/ur5_user_manual_gb.pdf}"
}